@Article{Close:1979bt,
     author    = "Close, F. E.",
     title     = "{AN INTRODUCTION TO QUARKS AND PARTONS}",
     note     = "Academic Press/london 1979, 481p"
}

@article{Jaffe1990509,
     title = "The g1 problem: Deep inelastic electron scattering and the spin of the proton",
     journal = "Nuclear Physics B",
     volume = "337",
     number = "3",
     pages = "509 - 546",
     year = "1990",
     issn = "0550-3213",
     doi = "10.1016/0550-3213(90)90506-9",
     url = "http://www.sciencedirect.com/science/article/B6TVC-4719HG9-B8/2/f7ec7748fcd4f115d3ab737231cc2411",
     author = "R. L. Jaffe and Aneesh Manohar"
}

@Article{Ji:1996ek,
     author    = "Ji, Xiang-Dong",
     title     = "{Gauge invariant decomposition of nucleon spin}",
     journal   = "Phys. Rev. Lett.",
     volume    = "78",
     year      = "1997",
     pages     = "610-613",
     eprint    = "hep-ph/9603249",
     archivePrefix = "arXiv",
     doi       = "10.1103/PhysRevLett.78.610",
     SLACcitation  = "%%CITATION = HEP-PH/9603249;%%"
}

@Article{Hagler:1998kg,
     author    = "Hagler, P. and Schafer, A.",
     title     = "{Evolution equations for higher moments of angular momentum
                  distributions}",
     journal   = "Phys. Lett.",
     volume    = "B430",
     year      = "1998",
     pages     = "179-185",
     eprint    = "hep-ph/9802362",
     archivePrefix = "arXiv",
     doi       = "10.1016/S0370-2693(98)00414-6",
     SLACcitation  = "%%CITATION = HEP-PH/9802362;%%"
}

@Article{Hagler:1998kg,
     author    = "Hagler, P. and Schafer, A.",
     title     = "{Evolution equations for higher moments of angular momentum
                  distributions}",
     journal   = "Phys. Lett.",
     volume    = "B430",
     year      = "1998",
     pages     = "179-185",
     eprint    = "hep-ph/9802362",
     archivePrefix = "arXiv",
     doi       = "10.1016/S0370-2693(98)00414-6",
     SLACcitation  = "%%CITATION = HEP-PH/9802362;%%"
}

@Article{Harindranath:1998ve,
     author    = "Harindranath, A. and Kundu, Rajen",
     title     = "{On orbital angular momentum in deep inelastic
                  scattering}",
     journal   = "Phys. Rev.",
     volume    = "D59",
     year      = "1999",
     pages     = "116013",
     eprint    = "hep-ph/9802406",
     archivePrefix = "arXiv",
     doi       = "10.1103/PhysRevD.59.116013",
     SLACcitation  = "%%CITATION = HEP-PH/9802406;%%"
}

@Article{Bashinsky:1998if,
     author    = "Bashinsky, Sergei and Jaffe, R. L.",
     title     = "{Quark and gluon orbital angular momentum and spin in hard
                  processes}",
     journal   = "Nucl. Phys.",
     volume    = "B536",
     year      = "1998",
     pages     = "303-317",
     eprint    = "hep-ph/9804397",
     archivePrefix = "arXiv",
     doi       = "10.1016/S0550-3213(98)00559-8",
     SLACcitation  = "%%CITATION = HEP-PH/9804397;%%"
}

@Article{Kuhn:2008sy,
     author    = "Kuhn, S. E. and Chen, J. -P. and Leader, E.",
     title     = "{Spin Structure of the Nucleon - Status and Recent
                  Results}",
     journal   = "Prog. Part. Nucl. Phys.",
     volume    = "63",
     year      = "2009",
     pages     = "1-50",
     eprint    = "0812.3535",
     archivePrefix = "arXiv",
     primaryClass  =  "hep-ph",
     doi       = "10.1016/j.ppnp.2009.02.001",
     SLACcitation  = "%%CITATION = 0812.3535;%%"
}

@Article{Jaffe:2001dm,
     author    = "Jaffe, R. L.",
     title     = "{The spin structure of the nucleon: Theoretical overview}",
     journal   = "AIP Conf. Proc.",
     volume    = "588",
     year      = "2001",
     pages     = "54-74",
     eprint    = "hep-ph/0102281",
     archivePrefix = "arXiv",
     doi       = "10.1063/1.1413146",
     SLACcitation  = "%%CITATION = HEP-PH/0102281;%%"
}

@Article{Bell:1969ts,
     author    = "Bell, J. S. and Jackiw, R.",
     title     = "{A PCAC puzzle: pi0 $\to$ gamma gamma in the sigma model}",
     journal   = "Nuovo Cim.",
     volume    = "A60",
     year      = "1969",
     pages     = "47-61",
     doi       = "10.1007/BF02823296",
     SLACcitation  = "%%CITATION = NUCIA,A60,47;%%"
}

@Article{Adler:1969gk,
     author    = "Adler, Stephen L.",
     title     = "{Axial vector vertex in spinor electrodynamics}",
     journal   = "Phys. Rev.",
     volume    = "177",
     year      = "1969",
     pages     = "2426-2438",
     doi       = "10.1103/PhysRev.177.2426",
     SLACcitation  = "%%CITATION = PHRVA,177,2426;%%"
}

@misc{sowinski-multiparticle-statistics,
     author    = "Sowinski, J.",
     url       = "http://www.star.bnl.gov/protected/spin/sowinski/analysis/derivations/multiParticle.pdf",
     howpublished = "STAR internal documentation, http://www.star.bnl.gov/protected/spin/sowinski/analysis/derivations/multiParticle.pdf"
}

@Article{Kiryluk:2003aw,
     author    = "Kiryluk, J.",
 collaboration = "STAR",
     title     = "{Relative luminosity measurement in STAR and implications
                  for spin asymmetry determinations}",
     journal   = "AIP Conf. Proc.",
     volume    = "675",
     year      = "2003",
     pages     = "424-428",
     doi       = "10.1063/1.1607171",
     SLACcitation  = "%%CITATION = APCPC,675,424;%%"
}


@Article{Field:2005sa,
     author    = "Field, Rick and Group, R. Craig",
 collaboration = "CDF",
     title     = "{PYTHIA tune A, HERWIG, and JIMMY in Run 2 at CDF}",
     year      = "2005",
     eprint    = "hep-ph/0510198",
     archivePrefix = "arXiv",
     SLACcitation  = "%%CITATION = HEP-PH/0510198;%%"
}

@Article{Corcella:2000bw,
     author    = "Corcella, G. and others",
     title     = "{HERWIG 6: an event generator for hadron emission
                  reactions with interfering gluons (including supersymmetric
                  processes)}",
     journal   = "JHEP",
     volume    = "01",
     year      = "2001",
     pages     = "010",
     doi       = "10.1088/1126-6708/2001/01/010",
     eprint    = "hep-ph/0011363",
     archivePrefix = "arXiv",
     SLACcitation  = "%%CITATION = HEP-PH/0011363;%%"
}

@misc{GEANT321,
     title     = "{\textsc{GEANT 3.21}, CERN Program Library}"
}

@Article{Blazey:2000qt,
     author    = "Blazey, Gerald C. and others",
     title     = "{Run II jet physics}",
     year      = "2000",
     eprint    = "hep-ex/0005012",
     archivePrefix = "arXiv",
     SLACcitation  = "%%CITATION = HEP-EX/0005012;%%"
}

@misc{spin-db-website,
     author    = "Balewski, J.T. and others",
     title     = "SPIN bits at STAR",
     url       = "http://www.star.bnl.gov/protected/spin/balewski/2005-spinDB/",
     howpublished = "STAR internal documentation, http://www.star.bnl.gov/protected/spin/balewski/2005-spinDB/"
}

@Article{Barton:2003sh,
     author    = "Barton, D. S. and others",
     title     = "{RHIC control system}",
     journal   = "Nucl. Instrum. Meth.",
     volume    = "A499",
     year      = "2003",
     pages     = "356-371",
     doi       = "10.1016/S0168-9002(02)01943-5",
     SLACcitation  = "%%CITATION = NUIMA,A499,356;%%"
}

@Article{vertex-finder-starnote,
  author  = "Reed, R. and others",
  title   = "Vertex finding in pile-up rich events for p+p and d+Au collisions
             at STAR",
  note    = "to appear in Proceedings of the 17th International Conference on
             Computing in High Energy and Nuclear Physics (CHEP 2009)",
  year    = "2009"
}

@Article{Rose:2003wx,
     author    = "Rose, A.",
 collaboration = "STAR",
     title     = "{STAR integrated tracker}",
     year      = "2003",
     eprint    = "nucl-ex/0307015",
     archivePrefix = "arXiv",
     SLACcitation  = "%%CITATION = NUCL-EX/0307015;%%"
}

BEGIN DETECTOR REFERENCES
%%%%%%%%%%%%%%%%%%%%%%%%%%%%%%%%%%%%%%%%%%%%%%%%%%%%%%%%%%%%%%%%%%%%%%%%%%%%%%%

@Article{RHIC-Special-Issue,
     title     = “{The Relativistic Heavy Ion Collider Project: RHIC and its
                  Detectors}”,
     journal   = "Nucl. Instrum. Meth.",
     volume    = "A499",
     year      = "2003",
     pages     = "235-880"
}

% may be preferable to cite this entire combined issue
@Article{Harrison:2003sb,
     author    = "Harrison, M. and Ludlam, T. and Ozaki, S.",
     title     = "{RHIC project overview}",
     journal   = "Nucl. Instrum. Meth.",
     volume    = "A499",
     year      = "2003",
     pages     = "235-244",
     doi       = "10.1016/S0168-9002(02)01937-X",
     SLACcitation  = "%%CITATION = NUIMA,A499,235;%%"
}

@Article{Adler:2003sp,
     author    = "Adler, C. and others",
     title     = "{The RHIC zero-degree calorimeters}",
     journal   = "Nucl. Instrum. Meth.",
     volume    = "A499",
     year      = "2003",
     pages     = "433-436",
     doi       = "10.1016/j.nima.2003.08.112",
     SLACcitation  = "%%CITATION = NUIMA,A499,433;%%"
}

@Article{Hahn:2003sc,
     author    = "Hahn, H. and others",
     title     = "{The RHIC design overview}",
     journal   = "Nucl. Instrum. Meth.",
     volume    = "A499",
     year      = "2003",
     pages     = "245-263",
     doi       = "10.1016/S0168-9002(02)01938-1",
     SLACcitation  = "%%CITATION = NUIMA,A499,245;%%"
}

@Article{Zelenski:2002gb,
     author    = "Zelenski, A. and others",
     title     = "{Optically-pumped polarized H- ion source for RHIC spin
                  physics}",
     journal   = "Rev. Sci. Instrum.",
     volume    = "73",
     year      = "2002",
     pages     = "888-891",
     doi       = "10.1063/1.1427669",
     SLACcitation  = "%%CITATION = RSINA,73,888;%%"
}

@Article{Zelenski:2008zza,
     author    = "Zelenski, A. and Kokhanovsky, S. and Kponou, A. and Ritter,
                  J. and Zubets, V.",
     title     = "{The RHIC optically-pumped polarized H- ion source}",
     journal   = "AIP Conf. Proc.",
     volume    = "980",
     year      = "2008",
     pages     = "221-230",
     doi       = "10.1063/1.2888090",
     SLACcitation  = "%%CITATION = APCPC,980,221;%%"
}

@Article{Alekseev:2003sk,
     author    = "Alekseev, I. and others",
     title     = "{Polarized proton collider at RHIC}",
     journal   = "Nucl. Instrum. Meth.",
     volume    = "A499",
     year      = "2003",
     pages     = "392-414",
     doi       = "10.1016/S0168-9002(02)01946-0",
     SLACcitation  = "%%CITATION = NUIMA,A499,392;%%"
}

% Siberian Snakes
@Article{Derbenev:1978hv,
     author    = "Derbenev, Ya. S. and others",
     title     = "{Radiative Polarization: Obtaining, Control, Using}",
     journal   = "Part. Accel.",
     volume    = "8",
     year      = "1978",
     pages     = "115-126",
     SLACcitation  = "%%CITATION = PLACB,8,115;%%"
}

@Article{Zelenski:2005mz,
     author    = "Zelenski, A. and others",
     title     = "{Absolute polarized H-jet polarimeter development, for
                  RHIC}",
     journal   = "Nucl. Instrum. Meth.",
     volume    = "A536",
     year      = "2005",
     pages     = "248-254",
     doi       = "10.1016/j.nima.2004.08.080",
     SLACcitation  = "%%CITATION = NUIMA,A536,248;%%"
}

@Article{Bieser:2002ah,
     author    = "Bieser, F. S. and others",
     title     = "{The STAR trigger}",
     journal   = "Nucl. Instrum. Meth.",
     volume    = "A499",
     year      = "2003",
     pages     = "766-777",
     doi       = "10.1016/S0168-9002(02)01974-5",
     SLACcitation  = "%%CITATION = NUIMA,A499,766;%%"
}

@Article{Allgower:2002zy,
     author    = "Allgower, C. E. and others",
 collaboration = "STAR",
     title     = "{The STAR endcap electromagnetic calorimeter}",
     journal   = "Nucl. Instrum. Meth.",
     volume    = "A499",
     year      = "2003",
     pages     = "740-750",
     doi       = "10.1016/S0168-9002(02)01971-X",
     SLACcitation  = "%%CITATION = NUIMA,A499,740;%%"
}

@Article{Abele:2003aa,
     author    = "Abele, J. and others",
 collaboration = "STAR",
     title     = "{The laser system for the STAR time projection chamber}",
     journal   = "Nucl. Instrum. Meth.",
     volume    = "A499",
     year      = "2003",
     pages     = "692-702",
     doi       = "10.1016/S0168-9002(02)01966-6",
     SLACcitation  = "%%CITATION = NUIMA,A499,692;%%"
}

@Article{Landgraf:2002zw,
     author    = "Landgraf, J. M. and others",
 collaboration = "STAR",
     title     = "{An overview of the STAR DAQ system}",
     journal   = "Nucl. Instrum. Meth.",
     volume    = "A499",
     year      = "2003",
     pages     = "762-765",
     doi       = "10.1016/S0168-9002(02)01973-3",
     SLACcitation  = "%%CITATION = NUIMA,A499,762;%%"
}

@Article{Adler:2002ab,
     author    = "Adler, C. and others",
 collaboration = "STAR",
     title     = "{The STAR level-3 trigger system}",
     journal   = "Nucl. Instrum. Meth.",
     volume    = "A499",
     year      = "2003",
     pages     = "778-791",
     doi       = "10.1016/S0168-9002(02)01975-7",
     SLACcitation  = "%%CITATION = NUIMA,A499,778;%%"
}

END DETECTOR REFERENCES
%%%%%%%%%%%%%%%%%%%%%%%%%%%%%%%%%%%%%%%%%%%%%%%%%%%%%%%%%%%%%%%%%%%%%%%%%%%%%%%

@Article{Froissart:1960zz,
     author    = "Froissart, Marcel and Stora, Raymond",
     title     = "{Depolarization of a beam of polarized protons in a
                  synchrotron}",
     journal   = "Nucl. Instrum. Meth.",
     volume    = "7",
     year      = "1960",
     pages     = "297-305",
     doi       = "10.1016/0029-554X(60)90033-1",
     SLACcitation  = "%%CITATION = NUIMA,7,297;%%"
}

@Article{Thomas:1927yu,
     author    = "Thomas, L. H.",
     title     = "{The Kinematics of an electron with an axis}",
     journal   = "Phil. Mag.",
     volume    = "3",
     year      = "1927",
     pages     = "1-21",
     SLACcitation  = "%%CITATION = PHMAA,3,1;%%"
}

@Article{Bargmann:1959gz,
     author    = "Bargmann, V. and Michel, Louis and Telegdi, V. L.",
     title     = "{Precession of the polarization of particles moving in a
                  homogeneous electromagnetic field}",
     journal   = "Phys. Rev. Lett.",
     volume    = "2",
     year      = "1959",
     pages     = "435",
     doi       = "10.1103/PhysRevLett.2.435",
     SLACcitation  = "%%CITATION = PRLTA,2,435;%%"
}


%SLAC E142 g1n
@Article{Anthony:1993uf,
     author    = "Anthony, P. L. and others",
 collaboration = "E142",
     title     = "{Determination of the neutron spin structure function.}",
     journal   = "Phys. Rev. Lett.",
     volume    = "71",
     year      = "1993",
     pages     = "959-962",
     doi       = "10.1103/PhysRevLett.71.959",
     SLACcitation  = "%%CITATION = PRLTA,71,959;%%"
}


%SMC g1d
@Article{Adeva:1993km,
     author    = "Adeva, B. and others",
 collaboration = "Spin Muon",
     title     = "{Measurement of the spin dependent structure function g1(x)
                  of the  deuteron}",
     journal   = "Phys. Lett.",
     volume    = "B302",
     year      = "1993",
     pages     = "533-539",
     doi       = "10.1016/0370-2693(93)90438-N",
     SLACcitation  = "%%CITATION = PHLTA,B302,533;%%"
}


%SMC g1p(first result?)
@Article{Adams:1994zd,
     author    = "Adams, D. and others",
 collaboration = "Spin Muon (SMC)",
     title     = "{Measurement of the spin dependent structure function g1(x)
                  of the  proton}",
     journal   = "Phys. Lett.",
     volume    = "B329",
     year      = "1994",
     pages     = "399-406",
     eprint    = "hep-ph/9404270",
     archivePrefix = "arXiv",
     doi       = "10.1016/0370-2693(94)90793-5",
     SLACcitation  = "%%CITATION = HEP-PH/9404270;%%"
}

%E80/E130 (final results, i think)
@Article{Baum:1983ha,
     author    = "Baum, Guenter and others",
     title     = "{A new measurement of deep inelastic e p asymmetries}",
     journal   = "Phys. Rev. Lett.",
     volume    = "51",
     year      = "1983",
     pages     = "1135",
     doi       = "10.1103/PhysRevLett.51.1135",
     SLACcitation  = "%%CITATION = PRLTA,51,1135;%%"
}

%E80/E130 (intermediate)
@Article{Baum:1980mh,
     author    = "Baum, Guenter and others",
     title     = "{Measurement of asymmetry in spin dependent e p resonance
                  region  scattering}",
     journal   = "Phys. Rev. Lett.",
     volume    = "45",
     year      = "1980",
     pages     = "2000",
     doi       = "10.1103/PhysRevLett.45.2000",
     SLACcitation  = "%%CITATION = PRLTA,45,2000;%%"
}

%E80/E130 (intermediate)
@Article{Alguard:1978gf,
     author    = "Alguard, M. J. and others",
     title     = "{Deep inelastic e p asymmetry measurements and comparison
                  with the  Bjorken sum rule and models of the proton spin
                  structure}",
     journal   = "Phys. Rev. Lett.",
     volume    = "41",
     year      = "1978",
     pages     = "70",
     doi       = "10.1103/PhysRevLett.41.70",
     SLACcitation  = "%%CITATION = PRLTA,41,70;%%"
}

%E80 (first result)
@Article{Alguard:1976bm,
     author    = "Alguard, M. J. and others",
     title     = "{Deep inelastic scattering of polarized electrons by
                  polarized protons}",
     journal   = "Phys. Rev. Lett.",
     volume    = "37",
     year      = "1976",
     pages     = "1261",
     doi       = "10.1103/PhysRevLett.37.1261",
     SLACcitation  = "%%CITATION = PRLTA,37,1261;%%"
}


% first EMC result
@Article{Ashman:1987hv,
     author    = "Ashman, J. and others",
 collaboration = "European Muon",
     title     = "{A measurement of the spin asymmetry and determination of
                  the structure  function g(1) in deep inelastic muon proton
                  scattering}",
     journal   = "Phys. Lett.",
     volume    = "B206",
     year      = "1988",
     pages     = "364",
     doi       = "10.1016/0370-2693(88)91523-7",
     SLACcitation  = "%%CITATION = PHLTA,B206,364;%%"
}

% final EMC result
@Article{Ashman:1989ig,
     author    = "Ashman, J. and others",
 collaboration = "European Muon",
     title     = "{An investigation of the spin structure of the proton in
                  deep inelastic  scattering of polarized muons on polarized
                  protons}",
     journal   = "Nucl. Phys.",
     volume    = "B328",
     year      = "1989",
     pages     = "1",
     doi       = "10.1016/0550-3213(89)90089-8",
     SLACcitation  = "%%CITATION = NUPHA,B328,1;%%"
}

Bjorken sum rule
@Article{Bjorken:1966jh,
     author    = "Bjorken, J. D.",
     title     = "{Applications of the Chiral U(6) x (6) Algebra of Current
                  Densities}",
     journal   = "Phys. Rev.",
     volume    = "148",
     year      = "1966",
     pages     = "1467-1478",
     doi       = "10.1103/PhysRev.148.1467",
     SLACcitation  = "%%CITATION = PHRVA,148,1467;%%"
}

Relativistic Constituent Quark Model result for S_z (or is it?  Sehgal still 
seems to appeal to beta-decay results for his S_z)
@Article{Sehgal:1974rz,
     author    = "Sehgal, L. M.",
     title     = "{Angular Momentum Composition of the Proton in the Quark
                  Parton Model}",
     journal   = "Phys. Rev.",
     volume    = "D10",
     year      = "1974",
     pages     = "1663",
     doi       = "10.1103/PhysRevD.10.1663",
     SLACcitation  = "%%CITATION = PHRVA,D10,1663;%%"
}

Ellis-Jaffe sum rule
@Article{Ellis:1973kp,
     author    = "Ellis, John R. and Jaffe, Robert L.",
     title     = "{A Sum Rule for Deep Inelastic Electroproduction from
                  Polarized Protons}",
     journal   = "Phys. Rev.",
     volume    = "D9",
     year      = "1974",
     pages     = "1444",
     doi       = "10.1103/PhysRevD.9.1444",
     SLACcitation  = "%%CITATION = PHRVA,D9,1444;%%"
}

Bjorken scaling confirmation
@Article{Panofsky:1968pb,
     author    = "Panofsky, W. K. H.",
     title     = "{ELECTROMAGNETIC INTERACTIONS: LOW q**2 ELECTRODYNAMICS:
                  ELASTIC AND INELASTIC ELECTRON (AND MUON) SCATTERING}",
     note      = "Presented at 14th Int. Conf. on High Energy Physics,
                  Vienna, Aug 1968"
}

Bjorken scaling
@Article{Bjorken:1968dy,
     author    = "Bjorken, J. D.",
     title     = "{Asymptotic Sum Rules at Infinite Momentum}",
     journal   = "Phys. Rev.",
     volume    = "179",
     year      = "1969",
     pages     = "1547-1553",
     doi       = "10.1103/PhysRev.179.1547",
     SLACcitation  = "%%CITATION = PHRVA,179,1547;%%"
}

Parton Model
@Article{Feynman:1969ej,
     author    = "Feynman, Richard P.",
     title     = "{Very high-energy collisions of hadrons}",
     journal   = "Phys. Rev. Lett.",
     volume    = "23",
     year      = "1969",
     pages     = "1415-1417",
     doi       = "10.1103/PhysRevLett.23.1415",
     SLACcitation  = "%%CITATION = PRLTA,23,1415;%%"
}

PDG
@Article{Amsler:2008zzb,
     author    = "Amsler, C. and others",
 collaboration = "Particle Data Group",
     title     = "{Review of particle physics}",
     journal   = "Phys. Lett.",
     volume    = "B667",
     year      = "2008",
     pages     = "1",
     doi       = "10.1016/j.physletb.2008.07.018",
     SLACcitation  = "%%CITATION = PHLTA,B667,1;%%"
}


Detailed derivation of DIS equations
@Article{Anselmino:1994gn,
     author    = "Anselmino, M. and Efremov, A. and Leader, E.",
     title     = "{The theory and phenomenology of polarized deep inelastic
                  scattering}",
     journal   = "Phys. Rept.",
     volume    = "261",
     year      = "1995",
     pages     = "1-124",
     eprint    = "hep-ph/9501369",
     archivePrefix = "arXiv",
     doi       = "10.1016/0370-1573(95)00011-5",
     SLACcitation  = "%%CITATION = HEP-PH/9501369;%%"
}

@Article{Kocoloski:2009wc,
     author    = "Kocoloski, Adam and Collaboration, for the STAR",
     title     = "{Recent STAR Results from Charged Pion Production in
                  Polarized pp Collisions at $\sqrt{s} = 200 GeV$ at RHIC}",
     year      = "2009",
     eprint    = "0905.1033",
     archivePrefix = "arXiv",
     primaryClass  =  "hep-ex",
     SLACcitation  = "%%CITATION = 0905.1033;%%"
}

2002-06 deuteron target
@Article{Alekseev:2009ey,
     author    = "Alekseev, M. and others",
 collaboration = "COMPASS",
     title     = "{Gluon polarisation in the nucleon and longitudinal double
                  spin asymmetries from open charm muoproduction}",
     journal   = "Phys. Lett.",
     volume    = "B676",
     year      = "2009",
     pages     = "31-38",
     eprint    = "0904.3209",
     archivePrefix = "arXiv",
     primaryClass  =  "hep-ex",
     doi       = "10.1016/j.physletb.2009.04.059",
     SLACcitation  = "%%CITATION = 0904.3209;%%"
}

DIS08 proceedings
@Article{Stolarski:2008jc,
     author    = "Stolarski, Marcin",
 collaboration = "COMPASS",
     title     = "{Measurement of Delta G/G from high transverse momentum
                  hadron pairs in COMPASS}",
     year      = "2008",
     eprint    = "0809.1803",
     archivePrefix = "arXiv",
     primaryClass  =  "hep-ex",
     doi       = "10.3360/dis.2008.209",
     SLACcitation  = "%%CITATION = 0809.1803;%%"
}

2002-04 deuteron target
@Article{Alekseev:2008cz,
     author    = "Alekseev, M. and others",
 collaboration = "COMPASS",
     title     = "{Direct Measurement of the Gluon Polarisation in the
                  Nucleon via Charmed Meson Production}",
     year      = "2008",
     eprint    = "0802.3023",
     archivePrefix = "arXiv",
     primaryClass  =  "hep-ex",
     SLACcitation  = "%%CITATION = 0802.3023;%%"
}

@Article{Platchkov:2007zz,
     author    = "Platchkov, Stephane",
 collaboration = "COMPASS",
     title     = "{Determination of the gluon contribution to the nucleon
                  spin with COMPASS}",
     journal   = "Nucl. Phys.",
     volume    = "A790",
     year      = "2007",
     pages     = "58-63",
     doi       = "10.1016/j.nuclphysa.2007.03.162",
     SLACcitation  = "%%CITATION = NUPHA,A790,58;%%"
}

COMPASS
@Article{Ageev:2005pq,
     author    = "Ageev, E. S. and others",
 collaboration = "COMPASS",
     title     = "{Gluon polarization in the nucleon from quasi-real
                  photoproduction of  high-p(T) hadron pairs}",
     journal   = "Phys. Lett.",
     volume    = "B633",
     year      = "2006",
     pages     = "25-32",
     eprint    = "hep-ex/0511028",
     archivePrefix = "arXiv",
     doi       = "10.1016/j.physletb.2005.11.049",
     SLACcitation  = "%%CITATION = HEP-EX/0511028;%%"
}

COMPASS
@Article{Ageev:2005gh,
     author    = "Ageev, E. S. and others",
 collaboration = "COMPASS",
     title     = "{Measurement of the spin structure of the deuteron in the
                  DIS region}",
     journal   = "Phys. Lett.",
     volume    = "B612",
     year      = "2005",
     pages     = "154-164",
     eprint    = "hep-ex/0501073",
     archivePrefix = "arXiv",
     doi       = "10.1016/j.physletb.2005.03.025",
     SLACcitation  = "%%CITATION = HEP-EX/0501073;%%"
}

GRSV
@Article{Gluck:2000dy,
     author    = "Gluck, M. and Reya, E. and Stratmann, M. and Vogelsang, W.
                  ",
     title     = "{Models for the polarized parton distributions of the
                  nucleon}",
     journal   = "Phys. Rev.",
     volume    = "D63",
     year      = "2001",
     pages     = "094005",
     eprint    = "hep-ph/0011215",
     archivePrefix = "arXiv",
     doi       = "10.1103/PhysRevD.63.094005",
     SLACcitation  = "%%CITATION = HEP-PH/0011215;%%"
}

LSS used in AAC03
@Article{Leader:2001kh,
     author    = "Leader, Elliot and Sidorov, Aleksander V. and Stamenov,
                  Dimiter B.",
     title     = "{A new evaluation of polarized parton densities in the
                  nucleon}",
     journal   = "Eur. Phys. J.",
     volume    = "C23",
     year      = "2002",
     pages     = "479-485",
     eprint    = "hep-ph/0111267",
     archivePrefix = "arXiv",
     doi       = "10.1007/s100520200901",
     SLACcitation  = "%%CITATION = HEP-PH/0111267;%%"
}

LSS06 (with recent CLAS, COMPASS data)
@Article{Leader:2006xc,
     author    = "Leader, Elliot and Sidorov, Aleksander V. and Stamenov,
                  Dimiter B.",
     title     = "{Impact of CLAS and COMPASS data on Polarized Parton
                  Densities and Higher   Twist}",
     journal   = "Phys. Rev.",
     volume    = "D75",
     year      = "2007",
     pages     = "074027",
     eprint    = "hep-ph/0612360",
     archivePrefix = "arXiv",
     doi       = "10.1103/PhysRevD.75.074027",
     SLACcitation  = "%%CITATION = HEP-PH/0612360;%%"
}

LSS w/o recent CLAS, COMPASS data
@Article{Leader:2005ci,
     author    = "Leader, Elliot and Sidorov, Aleksander V. and Stamenov,
                  Dimiter B.",
     title     = "{Longitudinal polarized parton densities updated}",
     journal   = "Phys. Rev.",
     volume    = "D73",
     year      = "2006",
     pages     = "034023",
     eprint    = "hep-ph/0512114",
     archivePrefix = "arXiv",
     doi       = "10.1103/PhysRevD.73.034023",
     SLACcitation  = "%%CITATION = HEP-PH/0512114;%%"
}

AAC03
@Article{Hirai:2003pm,
     author    = "Hirai, M. and Kumano, S. and Saito, N.",
 collaboration = "Asymmetry Analysis",
     title     = "{Determination of polarized parton distribution functions
                  and their  uncertainties}",
     journal   = "Phys. Rev.",
     volume    = "D69",
     year      = "2004",
     pages     = "054021",
     eprint    = "hep-ph/0312112",
     archivePrefix = "arXiv",
     doi       = "10.1103/PhysRevD.69.054021",
     SLACcitation  = "%%CITATION = HEP-PH/0312112;%%"
}

AAC06
@Article{Hirai:2006sr,
     author    = "Hirai, M. and Kumano, S. and Saito, N.",
     title     = "{Determination of polarized parton distribution functions
                  with recent data on polarization asymmetries}",
     journal   = "Phys. Rev.",
     volume    = "D74",
     year      = "2006",
     pages     = "014015",
     eprint    = "hep-ph/0603213",
     archivePrefix = "arXiv",
     doi       = "10.1103/PhysRevD.74.014015",
     SLACcitation  = "%%CITATION = HEP-PH/0603213;%%"
}

Blumlein-Bottcher
@Article{Bluemlein:2002be,
     author    = "Blumlein, J. and Bottcher, H.",
     title     = "{QCD analysis of polarized deep inelastic scattering data
                  and parton  distributions}",
     journal   = "Nucl. Phys.",
     volume    = "B636",
     year      = "2002",
     pages     = "225-263",
     eprint    = "hep-ph/0203155",
     archivePrefix = "arXiv",
     doi       = "10.1016/S0550-3213(02)00342-5",
     SLACcitation  = "%%CITATION = HEP-PH/0203155;%%"
}


@Article{Wissink:2008zz,
     author = "Wissink, S.",
     collaboration = "STAR",
     title = "{Longitudinal Double-Spin Asymmetries for $\pi^0$ Production at 
              Forward Rapidities in pp Collisions at $\sqrt{s} = 200 GeV$ at 
              STAR}",
     note = "Proceedings of the 18th International Symposium on Spin Physics
             (SPIN 2008), Charlottesville, VA, 6-11 Oct 2008"
}

@Article{Gagliardi:2008qw,
     author    = "Gagliardi, C. A.",
 collaboration = "STAR",
     title     = "{Jet Production in Polarized pp Collisions at RHIC}",
     year      = "2008",
     eprint    = "0808.0858",
     archivePrefix = "arXiv",
     primaryClass  =  "hep-ex",
     doi       = "10.3360/dis.2008.202",
     SLACcitation  = "%%CITATION = 0808.0858;%%"
}

@Article{deFlorian:2009fw,
     author    = "de Florian, Daniel",
     title     = "{Next-to-leading order QCD corrections to hadron+jet
                  production in pp collisions at RHIC}",
     journal   = "Phys. Rev.",
     volume    = "D79",
     year      = "2009",
     pages     = "114014",
     eprint    = "0904.4402",
     archivePrefix = "arXiv",
     primaryClass  =  "hep-ph",
     doi       = "10.1103/PhysRevD.79.114014",
     SLACcitation  = "%%CITATION = 0904.4402;%%"
}

@Article{Simon:2006hd,
     author    = "Simon, Frank",
 collaboration = "STAR",
     title     = "{Longitudinal spin asymmetry and cross section of inclusive
                  pi0 production in polarized p + p collisions at RHIC}",
     journal   = "AIP Conf. Proc.",
     volume    = "915",
     year      = "2007",
     pages     = "343-346",
     eprint    = "hep-ex/0612004",
     archivePrefix = "arXiv",
     doi       = "10.1063/1.2750792",
     SLACcitation  = "%%CITATION = HEP-EX/0612004;%%"
}

@Article{Hoffman:2008zz,
     author    = "Hoffman, Alan",
 collaboration = "STAR",
     title     = "{Double longitudinal spin asymmetry for pion production in
                  200-GeV polarized p+ p collisions at STAR}",
     note      = "Prepared for 16th International Workshop on Deep Inelastic
                  Scattering and Related Subjects (DIS 2008), London,
                  England, 7-11 Apr 2008",
     doi       = "10.3360/dis.2008.203"
}

%% midpoint cone algorithm
@Article{Blazey:2000qt,
     author    = "Blazey, Gerald C. and others",
     title     = "{Run II jet physics}",
     year      = "2000",
     eprint    = "hep-ex/0005012",
     archivePrefix = "arXiv",
     SLACcitation  = "%%CITATION = HEP-EX/0005012;%%"
}

@Article{Kiryluk:2005gg,
     author    = "Kiryluk, J.",
 collaboration = "STAR",
     title     = "{Local polarimetry for proton beams with the STAR beam beam
                  counters}",
     year      = "2005",
     eprint    = "hep-ex/0501072",
     archivePrefix = "arXiv",
     SLACcitation  = "%%CITATION = HEP-EX/0501072;%%"
}


@Article{Albino:2008fy,
     author    = "Albino, S. and Kniehl, B. A. and Kramer, G.",
     title     = "{AKK Update: Improvements from New Theoretical Input and
                  Experimental Data}",
     journal   = "Nucl. Phys.",
     volume    = "B803",
     year      = "2008",
     pages     = "42-104",
     eprintHidden    = "0803.2768",
     archivePrefix = "arXiv",
     primaryClass  =  "hep-ph",
     doi       = "10.1016/j.nuclphysb.2008.05.017",
     SLACcitation  = "%%CITATION = 0803.2768;%%"
}

@Article{Abelev:2007ra,
     author    = "Abelev, B. I. and others",
 collaboration = "STAR",
     title     = "{Energy dependence of $\pi^{\pm}$, $p$ and $\bar{p}$
                  transverse momentum spectrafor Au+Au collisions at
                  $\sqrt{s_{\mathrm {NN}}}$~=~62.4 and 200 GeV}",
     journal   = "Phys. Lett.",
     volume    = "B655",
     year      = "2007",
     pages     = "104-113",
     eprintHidden    = "nucl-ex/0703040",
     archivePrefix = "arXiv",
     doi       = "10.1016/j.physletb.2007.06.035",
     SLACcitation  = "%%CITATION = NUCL-EX/0703040;%%"
}

@Article{Abelev:2006jr,
     author    = "Abelev, B. I. and others",
 collaboration = "STAR",
     title     = "{Identified baryon and meson distributions at large
                  transverse momenta  from Au + Au collisions at s(NN)**(1/2)
                  = 200-GeV}",
     journal   = "Phys. Rev. Lett.",
     volume    = "97",
     year      = "2006",
     pages     = "152301",
     eprintHidden    = "nucl-ex/0606003",
     archivePrefix = "arXiv",
     doi       = "10.1103/PhysRevLett.97.152301",
     SLACcitation  = "%%CITATION = NUCL-EX/0606003;%%"
}

@misc{deFlorian:private, 
    author = "de Florian, Daniel",
    year = "2008",
    howpublished = "private communications"
}

@Article{Cormier:2001vu,
     author    = "Cormier, T. M. and Pavlinov, A. I. and Rykov, M. V. and
                  Rykov, V. L. and Shestermanov, K. E.",
     title     = "{STAR Barrel Electromagnetic Calorimeter absolute
                  calibration using  'minimum ionizing particles' from
                  collisions at RHIC}",
     journal   = "Nucl. Instrum. Meth.",
     volume    = "A483",
     year      = "2002",
     pages     = "734-746",
     eprintHidden    = "hep-ex/0107081",
     archivePrefix = "arXiv",
     doi       = "10.1016/S0168-9002(01)01951-9",
     SLACcitation  = "%%CITATION = HEP-EX/0107081;%%"
}

% DSSV
@Article{deFlorian:2008mr,
     author    = "de Florian, Daniel and Sassot, Rodolfo and Stratmann, Marco
                  and Vogelsang, Werner",
     title     = "{Global Analysis of Helicity Parton Densities and Their
                  Uncertainties}",
     journal   = "Phys. Rev. Lett.",
     volume    = "101",
     year      = "2008",
     pages     = "072001",
     eprintHidden    = "0804.0422",
     archivePrefix = "arXiv",
     primaryClass  =  "hep-ph",
     doi       = "10.1103/PhysRevLett.101.072001",
     SLACcitation  = "%%CITATION = 0804.0422;%%"
}

%% changed this ref to "and others" to make Ernst happy
@Article{Xu:2009aa,
     author    = "Xu, Yichun and others",
     title     = "{Identified hadron production at high transverse momenta in
                  p+p collisions at sqrt(NN) = 200 GeV in STAR}",
     year      = "2009",
     eprint    = "0901.0692",
     archivePrefix = "arXiv",
     primaryClass  =  "nucl-ex",
     SLACcitation  = "%%CITATION = 0901.0692;%%"
}

@inproceedings{Hanushevsky-CHEP2004,
    author      = "Hanushevsky, A. and others",
    title       = "The Next Generation Root File Server",
    booktitle   = "Proceedings of the International Conference on Computing in High Energy and Nuclear Physics (CHEP 2004)",
    month       = "September",
    year        = "2004",
    url         = "http://xrootd.slac.stanford.edu"
}

% gas jet polarimeter
@Article{Okada:2006dd,
     author    = "Okada, H. and others",
     title     = "{Measurement of the analyzing power A(N) in p p elastic
                  scattering in  the CNI region with a polarized atomic
                  hydrogen gas jet target}",
     year      = "2006",
     eprint    = "hep-ex/0601001",
     archivePrefix = "arXiv",
     SLACcitation  = "%%CITATION = HEP-EX/0601001;%%"
}

% CNI polarimeter
@Article{Jinnouchi:2004up,
     author    = "Jinnouchi, O. and others",
     title     = "{Measurement of the analyzing power of proton-carbon
                  elastic-scattering}",
     year      = "2004",
     eprint    = "nucl-ex/0412053",
     archivePrefix = "arXiv",
     SLACcitation  = "%%CITATION = NUCL-EX/0412053;%%"
}

% PID NIM on arXiv
@Article{Xu:2008th,
     author    = "Xu, Yichun and others",
     title     = "{Calibration of ionization energy loss at relativistic rise
                  with STAR Time Projection Chamber}",
     year      = "2008",
     eprint    = "0807.4303",
     archivePrefix = "arXiv",
     primaryClass  =  "physics.ins-det",
     SLACcitation  = "%%CITATION = 0807.4303;%%"
}

% AKK 2008
@Article{Kniehl:2008et,
     author    = "Kniehl, Bernd A.",
     title     = "{Status of AKK Fragmentation Functions}",
     year      = "2008",
     eprint    = "0807.2214",
     archivePrefix = "arXiv",
     primaryClass  =  "hep-ph",
     SLACcitation  = "%%CITATION = 0807.2214;%%"
}

% GS Set C
@Article{Gehrmann:1995ag,
     author    = "Gehrmann, T. and Stirling, W. James",
     title     = "{Polarized Parton Distributions in the Nucleon}",
     journal   = "Phys. Rev.",
     volume    = "D53",
     year      = "1996",
     pages     = "6100-6109",
     eprintHidden    = "hep-ph/9512406",
     archivePrefix = "arXiv",
     doi       = "10.1103/PhysRevD.53.6100",
     SLACcitation  = "%%CITATION = HEP-PH/9512406;%%"
}
@Article{Gehrmann:1996en,
     author    = "Gehrmann, T. and Stirling, W. J.",
     title     = "{Polarized parton distributions from a global NLO-QCD
                  analysis}",
     note      = "Prepared for International Workshop on Deep Inelastic
                  Scattering and Related Phenomena (DIS 96), Rome, Italy, 15-
                  19 Apr 1996",
     year      = "1996"
}

% DSS
@Article{deFlorian:2007aj,
     author    = "de Florian, Daniel and Sassot, Rodolfo and Stratmann, Marco
                  ",
     title     = "{Global analysis of fragmentation functions for pions and
                  kaons and their uncertainties}",
     journal   = "Phys. Rev.",
     volume    = "D75",
     year      = "2007",
     pages     = "114010",
     eprintHidden    = "hep-ph/0703242",
     archivePrefix = "arXiv",
     doi       = "10.1103/PhysRevD.75.114010",
     SLACcitation  = "%%CITATION = HEP-PH/0703242;%%"
}

@Article{deFlorian:2007nk,
     author    = "de Florian, Daniel and Sassot, Rodolfo and Stratmann, Marco
                  ",
     title     = "{Fragmentation functions for pions, kaons, protons and
                  charged hadrons}",
     journal   = "J. Phys. Conf. Ser.",
     volume    = "110",
     year      = "2008",
     pages     = "022045",
     eprintHidden    = "0708.0769",
     archivePrefix = "arXiv",
     primaryClass  =  "hep-ph",
     doi       = "10.1088/1742-6596/110/2/022045",
     SLACcitation  = "%%CITATION = 0708.0769;%%"
}

@Article{Bunce:2000uv,
     author    = "Bunce, Gerry and Saito, Naohito and Soffer, Jacques and
                  Vogelsang, Werner",
     title     = "{Prospects for spin physics at RHIC}",
     journal   = "Ann. Rev. Nucl. Part. Sci.",
     volume    = "50",
     year      = "2000",
     pages     = "525-575",
     eprintHidden    = "hep-ph/0007218",
     archivePrefix = "arXiv",
     doi       = "10.1146/annurev.nucl.50.1.525",
     SLACcitation  = "%%CITATION = HEP-PH/0007218;%%"
}

%% Fragmentation functions
%% AKK
@Article{Albino:2005me,   
     author    = "Albino, S. and Kniehl, B. A. and Kramer, G.",
     title     = "Fragmentation functions for light charged hadrons with
                  complete quark  flavour separation",
     journal   = "Nucl. Phys.",
     volume    = "B725",
     year      = "2005",
     pages     = "181",
     SLACcitation  = "%%CITATION = HEP-PH 0502188;%%"
}
%% KKP
@Article{Kniehl:2000hk, 
     author    = "Kniehl, Bernd A. and Kramer, G. and Potter, B.",
     title     = "Testing the universality of fragmentation functions",
     journal   = "Nucl. Phys.",
     volume    = "B597",
     year      = "2001",
     pages     = "337",
     SLACcitation  = "%%CITATION = HEP-PH 0011155;%%"
}

%% Kretzer
@Article{Kretzer:2000yf, 
     author    = "Kretzer, S.",
     title     = "Fragmentation functions from flavour-inclusive and flavour-
                  tagged e+ e-  annihilations",
     journal   = "Phys. Rev.",
     volume    = "D62",
     year      = "2000",
     pages     = "054001",
     SLACcitation  = "%%CITATION = HEP-PH 0003177;%%"
}

%% NLO Calculations
@Article{Jager:2002xm,
     author    = "Jager, B. and Schafer, A. and Stratmann, M. and Vogelsang,
                  W.",
     title     = "Next-to-leading order QCD corrections to high-p(T) pion
                  production in longitudinally polarized p p collisions",
     journal   = "Phys. Rev.",
     volume    = "D67",
     year      = "2003",
     pages     = "054005",
     SLACcitation  = "%%CITATION = HEP-PH 0211007;%%"
}

%% NLO Spin
@Article{Jager:2004jh,
     author    = "Jager, B. and Stratmann, M. and Vogelsang, W.",
     title     = "{Single-inclusive jet production in polarized p p
                  collisions at  O(alpha(s)**3)}",
     journal   = "Phys. Rev.",
     volume    = "D70",
     year      = "2004",
     pages     = "034010",
     eprintHidden    = "hep-ph/0404057",
     archivePrefix = "arXiv",
     doi       = "10.1103/PhysRevD.70.034010",
     SLACcitation  = "%%CITATION = HEP-PH/0404057;%%"
}

%% 2005 Jet PRL
@Article{Abelev:2007vt,
     author    = "Abelev, B. I. and others",
 collaboration = "STAR",
     title     = "{Longitudinal double-spin asymmetry for inclusive jet
                  production in p+p collisions at sqrt(s)=200 GeV}",
     journal   = "Phys. Rev. Lett.",
     volume    = "100",
     year      = "2008",
     pages     = "232003",
     eprint    = "0710.2048",
     archivePrefix = "arXiv",
     primaryClass  =  "hep-ex",
     doi       = "10.1103/PhysRevLett.100.232003",
     SLACcitation  = "%%CITATION = 0710.2048;%%"
}

%% 2004 Jet PRL
@Article{Abelev:2006uq,
     author    = "Abelev, B. I. and others",
 collaboration = "STAR",
     title     = "{Longitudinal double-spin asymmetry and cross section for
                  inclusive jet  production in polarized proton collisions at
                  s**(1/2) = 200-GeV}",
     journal   = "Phys. Rev. Lett.",
     volume    = "97",
     year      = "2006",
     pages     = "252001",
     eprint    = "hep-ex/0608030",
     archivePrefix = "arXiv",
     doi       = "10.1103/PhysRevLett.97.252001",
     SLACcitation  = "%%CITATION = HEP-EX/0608030;%%"
}

%% BBC cross section, apparently
@Article{Adams:2003kv,
     author    = "Adams, John and others",
 collaboration = "STAR",
     title     = "{Transverse momentum and collision energy dependence of
                  high p(T) hadron  suppression in Au + Au collisions at
                  ultrarelativistic energies}",
     journal   = "Phys. Rev. Lett.",
     volume    = "91",
     year      = "2003",
     pages     = "172302",
     eprintHidden    = "nucl-ex/0305015",
     archivePrefix = "arXiv",
     doi       = "10.1103/PhysRevLett.91.172302",
     SLACcitation  = "%%CITATION = NUCL-EX/0305015;%%"
}


%% Technical

@Article{Ackermann:2002ad,
     author    = "Ackermann, K. H. and others",
 collaboration = "STAR",
     title     = "{STAR detector overview}",
     journal   = "Nucl. Instrum. Meth.",
     volume    = "A499",
     year      = "2003",
     pages     = "624-632",
     doi       = "10.1016/S0168-9002(02)01960-5",
     SLACcitation  = "%%CITATION = NUIMA,A499,624;%%"
}

@Article{Beddo:2002zx,
     author    = "Beddo, M. and others",
 collaboration = "STAR",
     title     = "The STAR barrel electromagnetic calorimeter",
     journal   = "Nucl. Instrum. Meth.",
     volume    = "A499",
     year      = "2003",
     pages     = "725",
     SLACcitation  = "%%CITATION = NUIMA,A499,725;%%"
}


%% Fragmentation, <z>

@Article{Adams:2005ph,
     author    = "Adams, John and others",
 collaboration = "STAR",
     title     = "Distributions of charged hadrons associated with high
                  transverse  momentum particles in p p and Au + Au
                  collisions at s(NN)**(1/2) =  200-GeV",
     journal   = "Phys. Rev. Lett.",
     volume    = "95",
     year      = "2005",
     pages     = "152301",
     eprintHidden    = "nucl-ex/0501016",
     SLACcitation  = "%%CITATION = NUCL-EX 0501016;%%"
}

@Article{Boca:1990rh,
     author    = "Boca, G. and others",
     title     = "Average fraction of jet momentum carried by high P(T)
                  leading hadrons",
     journal   = "Z. Phys.",
     volume    = "C49",
     year      = "1991",
     pages     = "543-554",
     SLACcitation  = "%%CITATION = ZEPYA,C49,543;%%"
}


%%Pion Cross Section
@Article{Adams:2006nd,
     author    = "Adams, John and others",
 collaboration = "STAR",
     title     = "Identified hadron spectra at large transverse momentum in p
                  + p and d +  Au collisions at s(NN)**(1/2) = 200-GeV",
     journal   = "Phys. Lett.",
     volume    = "B637",
     year      = "2006",
     pages     = "161-169",
     eprintHidden    = "nucl-ex/0601033",
     SLACcitation  = "%%CITATION = NUCL-EX 0601033;%%"
}

%%TPC NIM
@Article{Anderson:2003ur,
     author    = "Anderson, M. and others",
     title     = "The STAR time projection chamber: A unique tool for
                  studying high  multiplicity events at RHIC",
     journal   = "Nucl. Instrum. Meth.",
     volume    = "A499",
     year      = "2003",
     pages     = "659-678",
     eprintHidden    = "nucl-ex/0301015",
     SLACcitation  = "%%CITATION = NUCL-EX 0301015;%%"
}

%%Pythia 6.4
@Article{Sjostrand:2006za,
     author    = "Sjostrand, Torbjorn and Mrenna, Stephen and Skands, Peter",
     title     = "PYTHIA 6.4 physics and manual",
     journal   = "JHEP",
     volume    = "05",
     year      = "2006",
     pages     = "026",
     eprintHidden    = "hep-ph/0603175",
     SLACcitation  = "%%CITATION = HEP-PH/0603175;%%"
}

%%GEANT4
@Article{Agostinelli:2002hh,
     author    = "Agostinelli, S. and others",
 collaboration = "GEANT4",
     title     = "GEANT4: A simulation toolkit",
     journal   = "Nucl. Instrum. Meth.",
     volume    = "A506",
     year      = "2003",
     pages     = "250-303",
     SLACcitation  = "%%CITATION = NUIMA,A506,250;%%"
}

%%ROOT
@Article{Brun:1997pa,
     author    = "Brun, R. and Rademakers, F.",
     title     = "{ROOT: An object oriented data analysis framework}",
     journal   = "Nucl. Instrum. Meth.",
     volume    = "A389",
     year      = "1997",
     pages     = "81-86",
     SLACcitation  = "%%CITATION = NUIMA,A389,81;%%"
}

@misc{RFC3080,
    author      ="M. Rose",
    title       ="{The Blocks Extensible Exchange Protocol Core}",
    series      ="Request for Comments",
    number      ="3080",
    howpublished="RFC 3080 (Proposed Standard)",
    publisher   ="IETF",
    organisation="Internet Engineering Task Force",
    year        =2001,
    month       =mar,
    url         ="http://www.ietf.org/rfc/rfc3080.txt",
}

@misc{RFC1510,
    author      ="Kohl, J. and Neumann, B.C.",
    title       ="{The Kerberos Network Authentication Service (V5)}",
    series      ="Request for Comments",
    number      ="1510",
    howpublished="RFC 1510",
    publisher   ="IETF",
    organisation="Internet Engineering Task Force",
    year        =1993,
    month       =sep,
    url         ="http://www.ietf.org/rfc/rfc1510.txt",
}

@misc{RFC1341,
    author      ="Bornstein, N. and Freed, N.",
    title       ="{MIME (Multipurpose Internet Mail Extensions): Mechanisms for Specifying and Describing the Format of Internet Message Bodies}",
    series      ="Request for Comments",
    number      ="1341",
    howpublished="RFC 1341",
    publisher   ="IETF",
    organisation="Internet Engineering Task Force",
    year        =1992,
    month       =jun,
    url         ="http://www.ietf.org/rfc/rfc1341.txt"
}

@misc{Fink,
    url         = "http://finkproject.org"
}

@misc{Xgrid,
    url         = {http://www.apple.com/macosx/features/xgrid/}
}

@misc{Cocoa,
    url         = {http://developer.apple.com/cocoa/}
}

@misc{XgridManual,
    url         = {http://developer.apple.com/documentation/Darwin/Reference/ManPages/man1/xgrid.1.html}
}

@misc{Xcode,
    url         = {http://developer.apple.com/tools/xcode/}
}

@inproceedings{Foster-GT4,
    author      = "Foster, I.",
    title       = "Globus Toolkit Version 4: Software for Service-Oriented Systems",
    booktitle   = "IFIP International Conference on Network and Parallel Computing",
    year        = "2005,",
    publisher   = "Springer-Verlag LNCS 3779",
    pages       = "2-13"
}

@article{condor-practice, 
  author    = "Douglas Thain and Todd Tannenbaum and Miron Livny",
  title     = "Distributed computing in practice: the Condor experience.",
  journal   = "Concurrency - Practice and Experience",
  volume    = "17",
  number    = "2-4",
  year      = "2005",
  pages     = "323-356",
}

@inproceedings{Hanushevsky-CHEP2004,
    author      = "Hanushevsky, A. and others",
    title       = "The Next Generation Root File Server",
    booktitle   = "Proceedings of the International Conference on Computing in High Energy and Nuclear Physics (CHEP 2004)",
    month       = "September",
    year        = "2004",
    url         = "http://xrootd.slac.stanford.edu"
}

@inproceedings{Lauret-CHEP2004,
    author      = "Lauret, J. and others",
    title       = "The STAR Unifid Meta-Scheduler project, a front end around evolving technologies for user analysis and data production",
    booktitle   = "Proceedings of the International Conference on Computing in High Energy and Nuclear Physics (CHEP 2004)",
    month       = "September",
    year        = "2004"
}

@inproceedings{Kocoloski-CHEP2007,
   author      = "Kocoloski, A. and others",
   title       = "Integrating Xgrid into the HENP distributed computing model",
   booktitle   = "Proceedings of the International Conference on Computing in High Energy and Nuclear Physics (CHEP 2007)",
   month       = "September",
   year        = "2007"
}
@preamble{ "\newcommand{\noopsort}[1]{} "
	# "\newcommand{\printfirst}[2]{#1} "
	# "\newcommand{\singleletter}[1]{#1} "
	# "\newcommand{\switchargs}[2]{#2#1} " }

@ARTICLE{article-minimal,
   author = {L[eslie] A. Aamport},
   title = {The Gnats and Gnus Document Preparation System},
   journal = {\mbox{G-Animal's} Journal},
   year = 1986,
}

@ARTICLE{article-full,
   author = {L[eslie] A. Aamport},
   title = {The Gnats and Gnus Document Preparation System},
   journal = {\mbox{G-Animal's} Journal},
   year = 1986,
   volume = 41,
   number = 7,
   pages = "73+",
   month = jul,
   note = "This is a full ARTICLE entry",
}

The KEY field is here to override the KEY field in the journal being
cross referenced (so is the NOTE field, in addition to its imparting
information).

@ARTICLE{article-crossref,
   crossref = {WHOLE-JOURNAL},
   key = "",
   author = {L[eslie] A. Aamport},
   title = {The Gnats and Gnus Document Preparation System},
   pages = "73+",
   note = "This is a cross-referencing ARTICLE entry",
}

@ARTICLE{whole-journal,
   key = "GAJ",
   journal = {\mbox{G-Animal's} Journal},
   year = 1986,
   volume = 41,
   number = 7,
   month = jul,
   note = {The entire issue is devoted to gnats and gnus
		(this entry is a cross-referenced ARTICLE (journal))},
}

@INBOOK{inbook-minimal,
   author = "Donald E. Knuth",
   title = "Fundamental Algorithms",
   publisher = "Addison-Wesley",
   year = "{\noopsort{1973b}}1973",
   chapter = "1.2",
}

@INBOOK{inbook-full,
   author = "Donald E. Knuth",
   title = "Fundamental Algorithms",
   volume = 1,
   series = "The Art of Computer Programming",
   publisher = "Addison-Wesley",
   address = "Reading, Massachusetts",
   edition = "Second",
   month = "10~" # jan,
   year = "{\noopsort{1973b}}1973",
   type = "Section",
   chapter = "1.2",
   pages = "10--119",
   note = "This is a full INBOOK entry",
}

@INBOOK{inbook-crossref,
   crossref = "whole-set",
   title = "Fundamental Algorithms",
   volume = 1,
   series = "The Art of Computer Programming",
   edition = "Second",
   year = "{\noopsort{1973b}}1973",
   type = "Section",
   chapter = "1.2",
   note = "This is a cross-referencing INBOOK entry",
}

@BOOK{book-minimal,
   author = "Donald E. Knuth",
   title = "Seminumerical Algorithms",
   publisher = "Addison-Wesley",
   year = "{\noopsort{1973c}}1981",
}

@BOOK{book-full,
   author = "Donald E. Knuth",
   title = "Seminumerical Algorithms",
   volume = 2,
   series = "The Art of Computer Programming",
   publisher = "Addison-Wesley",
   address = "Reading, Massachusetts",
   edition = "Second",
   month = "10~" # jan,
   year = "{\noopsort{1973c}}1981",
   note = "This is a full BOOK entry",
}

@BOOK{book-crossref,
   crossref = "whole-set",
   title = "Seminumerical Algorithms",
   volume = 2,
   series = "The Art of Computer Programming",
   edition = "Second",
   year = "{\noopsort{1973c}}1981",
   note = "This is a cross-referencing BOOK entry",
}

@BOOK{whole-set,
   author = "Donald E. Knuth",
   publisher = "Addison-Wesley",
   title = "The Art of Computer Programming",
   series = "Four volumes",
   year = "{\noopsort{1973a}}{\switchargs{--90}{1968}}",
   note = "Seven volumes planned (this is a cross-referenced set of BOOKs)",
}

@BOOKLET{booklet-minimal,
   key = "Kn{\printfirst{v}{1987}}",
   title = "The Programming of Computer Art",
}

@BOOKLET{booklet-full,
   author = "Jill C. Knvth",
   title = "The Programming of Computer Art",
   howpublished = "Vernier Art Center",
   address = "Stanford, California",
   month = feb,
   year = 1988,
   note = "This is a full BOOKLET entry",
}

@INCOLLECTION{incollection-minimal,
   author = "Daniel D. Lincoll",
   title = "Semigroups of Recurrences",
   booktitle = "High Speed Computer and Algorithm Organization",
   publisher = "Academic Press",
   year = 1977,
}

@INCOLLECTION{incollection-full,
   author = "Daniel D. Lincoll",
   title = "Semigroups of Recurrences",
   editor = "David J. Lipcoll and D. H. Lawrie and A. H. Sameh",
   booktitle = "High Speed Computer and Algorithm Organization",
   number = 23,
   series = "Fast Computers",
   chapter = 3,
   type = "Part",
   pages = "179--183",
   publisher = "Academic Press",
   address = "New York",
   edition = "Third",
   month = sep,
   year = 1977,
   note = "This is a full INCOLLECTION entry",
}

@INCOLLECTION{incollection-crossref,
   crossref = "whole-collection",
   author = "Daniel D. Lincoll",
   title = "Semigroups of Recurrences",
   pages = "179--183",
   note = "This is a cross-referencing INCOLLECTION entry",
}

@BOOK{whole-collection,
   editor = "David J. Lipcoll and D. H. Lawrie and A. H. Sameh",
   title = "High Speed Computer and Algorithm Organization",
   booktitle = "High Speed Computer and Algorithm Organization",
   number = 23,
   series = "Fast Computers",
   publisher = "Academic Press",
   address = "New York",
   edition = "Third",
   month = sep,
   year = 1977,
   note = "This is a cross-referenced BOOK (collection) entry",
}

@MANUAL{manual-minimal,
   key = "Manmaker",
   title = "The Definitive Computer Manual",
}

@MANUAL{manual-full,
   author = "Larry Manmaker",
   title = "The Definitive Computer Manual",
   organization = "Chips-R-Us",
   address = "Silicon Valley",
   edition = "Silver",
   month = apr # "-" # may,
   year = 1986,
   note = "This is a full MANUAL entry",
}

@MASTERSTHESIS{mastersthesis-minimal,
   author = "{\'{E}}douard Masterly",
   title = "Mastering Thesis Writing",
   school = "Stanford University",
   year = 1988,
}

@MASTERSTHESIS{mastersthesis-full,
   author = "{\'{E}}douard Masterly",
   title = "Mastering Thesis Writing",
   school = "Stanford University",
   type = "Master's project",
   address = "English Department",
   month = jun # "-" # aug,
   year = 1988,
   note = "This is a full MASTERSTHESIS entry",
}

@MISC{misc-minimal,
   key = "Missilany",
   note = "This is a minimal MISC entry",
}

@MISC{misc-full,
   author = "Joe-Bob Missilany",
   title = "Handing out random pamphlets in airports",
   howpublished = "Handed out at O'Hare",
   month = oct,
   year = 1984,
   note = "This is a full MISC entry",
}

@STRING{STOC-key = "OX{\singleletter{stoc}}"}

@STRING{ACM = "The OX Association for Computing Machinery"}

@STRING{STOC = " Symposium on the Theory of Computing"}

@INPROCEEDINGS{inproceedings-minimal,
   author = "Alfred V. Oaho and Jeffrey D. Ullman and Mihalis Yannakakis",
   title = "On Notions of Information Transfer in {VLSI} Circuits",
   booktitle = "Proc. Fifteenth Annual ACM" # STOC,
   year = 1983,
}

@INPROCEEDINGS{inproceedings-full,
   author = "Alfred V. Oaho and Jeffrey D. Ullman and Mihalis Yannakakis",
   title = "On Notions of Information Transfer in {VLSI} Circuits",
   editor = "Wizard V. Oz and Mihalis Yannakakis",
   booktitle = "Proc. Fifteenth Annual ACM" # STOC,
   number = 17,
   series = "All ACM Conferences",
   pages = "133--139",
   month = mar,
   year = 1983,
   address = "Boston",
   organization = ACM,
   publisher = "Academic Press",
   note = "This is a full INPROCEDINGS entry",
}

@INPROCEEDINGS{inproceedings-crossref,
   crossref = "whole-proceedings",
   author = "Alfred V. Oaho and Jeffrey D. Ullman and Mihalis Yannakakis",
   title = "On Notions of Information Transfer in {VLSI} Circuits",
   organization = "",
   pages = "133--139",
   note = "This is a cross-referencing INPROCEEDINGS entry",
}

@PROCEEDINGS{proceedings-minimal,
   key = STOC-key,
   title = "Proc. Fifteenth Annual" # STOC,
   year = 1983,
}

@PROCEEDINGS{proceedings-full,
   editor = "Wizard V. Oz and Mihalis Yannakakis",
   title = "Proc. Fifteenth Annual" # STOC,
   number = 17,
   series = "All ACM Conferences",
   month = mar,
   year = 1983,
   address = "Boston",
   organization = ACM,
   publisher = "Academic Press",
   note = "This is a full PROCEEDINGS entry",
}

@PROCEEDINGS{whole-proceedings,
   key = STOC-key,
   organization = ACM,
   title = "Proc. Fifteenth Annual" # STOC,
   address = "Boston",
   year = 1983,
   booktitle = "Proc. Fifteenth Annual ACM" # STOC,
   note = "This is a cross-referenced PROCEEDINGS",
}

@PHDTHESIS{phdthesis-minimal,
   author = "F. Phidias Phony-Baloney",
   title = "Fighting Fire with Fire: Festooning {F}rench Phrases",
   school = "Fanstord University",
   year = 1988,
}

@PHDTHESIS{phdthesis-full,
   author = "F. Phidias Phony-Baloney",
   title = "Fighting Fire with Fire: Festooning {F}rench Phrases",
   school = "Fanstord University",
   type = "{PhD} Dissertation",
   address = "Department of French",
   month = jun # "-" # aug,
   year = 1988,
   note = "This is a full PHDTHESIS entry",
}

@TECHREPORT{techreport-minimal,
   author = "Tom Terrific",
   title = "An {$O(n \log n / \! \log\log n)$} Sorting Algorithm",
   institution = "Fanstord University",
   year = 1988,
}

@TECHREPORT{techreport-full,
   author = "Tom T{\'{e}}rrific",
   title = "An {$O(n \log n / \! \log\log n)$} Sorting Algorithm",
   institution = "Fanstord University",
   type = "Wishful Research Result",
   number = "7",
   address = "Computer Science Department, Fanstord, California",
   month = oct,
   year = 1988,
   note = "This is a full TECHREPORT entry",
}

@UNPUBLISHED{unpublished-minimal,
   author = "Ulrich {\"{U}}nderwood and Ned {\~N}et and Paul {\={P}}ot",
   title = "Lower Bounds for Wishful Research Results",
   note = "Talk at Fanstord University (this is a minimal UNPUBLISHED entry)",
}

@UNPUBLISHED{unpublished-full,
   author = "Ulrich {\"{U}}nderwood and Ned {\~N}et and Paul {\={P}}ot",
   title = "Lower Bounds for Wishful Research Results",
   month = nov # ", " # dec,
   year = 1988,
   note = "Talk at Fanstord University (this is a full UNPUBLISHED entry)",
}

@MISC{random-note-crossref,
   key = {Volume-2},
   note = "Volume~2 is listed under Knuth \cite{book-full}"
}
